@conference{haarcascade,
    author    = "Paul Viola and Michael Jones",
    title     = "Rapid Object Detection using a Boosted Cascade of Simple Features",
    booktitle = "conference on Computer Vision and Pattern Recognition",
    year      = "2001",
}

@article{eigenfaces,
    author    = "Matthew Turk and Alex Pentland",
    title     = "Eigenfaces for Recognition",
    journal   = "Journal of Cognitive Neuroscience",
    year      = "1991",
}

@article{kalman,
    author    = "Richard J. Meinhold and Nozer D. Singpurwalla",
    title     = "Understanding the Kalman Filter",
    journal   = "The American Statistician",
    year      = "1983",
}